<?xml version="1.0" encoding="UTF-8"?><collection xmlns="http://www.loc.gov/MARC21/slim"><record><leader>00380nam--2200133-i-4500</leader><controlfield tag="001">000015253</controlfield><controlfield tag="002">20161230</controlfield><controlfield tag="005">20161230201031</controlfield><controlfield tag="008">060222s1000------------r-----000-0-eng-d</controlfield><datafield ind1=" " ind2=" " tag="080"><subfield code="a">541</subfield></datafield><datafield ind1=" " ind2=" " tag="100"><subfield code="a">Bock, Hans And Heilbronner, Edgar</subfield></datafield><datafield ind1=" " ind2=" " tag="245"><subfield code="a">Das hmo-modell und seine anwendung. grundlagen und handhabung</subfield></datafield><datafield ind1=" " ind2=" " tag="260"><subfield code="a">Weinheim/Bergstr, Verlag Chemie, 1970. 404 P</subfield></datafield><datafield ind1=" " ind2=" " tag="852"><subfield code="a">77695</subfield></datafield></record></collection>